<record><leader>00000cas a22000007a 4500</leader><controlfield tag="001">32209557</controlfield><controlfield tag="008">950327d194u19uunyuwr ne      0    0eng d</controlfield><datafield ind1=" " ind2=" " tag="010"><subfield code="a">sn 95071181 </subfield></datafield><datafield ind1=" " ind2=" " tag="040"><subfield code="a">NYS</subfield><subfield code="b">eng</subfield><subfield code="c">NYS</subfield><subfield code="d">OCLCQ</subfield></datafield><datafield ind1=" " ind2=" " tag="042"><subfield code="a">msc</subfield></datafield><datafield ind1="0" ind2="0" tag="245"><subfield code="a">Bay Shore sentinel and Bay Shore journal.</subfield></datafield><datafield ind1="1" ind2="3" tag="246"><subfield code="a">Bay Shore sentinel, Bay Shore journal</subfield><subfield code="f">Feb. 1, 1945-&lt;Dec 28, 1961&gt;</subfield></datafield><datafield ind1="1" ind2="7" tag="246"><subfield code="a">Bay Shore sentinel and journal</subfield></datafield><datafield ind1=" " ind2=" " tag="260"><subfield code="a">Bay Shore, Suffolk County, N.Y. :</subfield><subfield code="b">Suffolk Consolidated Press Co.</subfield></datafield><datafield ind1=" " ind2=" " tag="300"><subfield code="a">v.</subfield></datafield><datafield ind1=" " ind2=" " tag="310"><subfield code="a">Weekly</subfield></datafield><datafield ind1=" " ind2=" " tag="500"><subfield code="a">"Republican."</subfield></datafield><datafield ind1=" " ind2=" " tag="588"><subfield code="a">Description based on: Vol. 22, no. 18 (Jan. 4, 1945).</subfield></datafield><datafield ind1=" " ind2="4" tag="651"><subfield code="a">Bay Shore (N.Y.)</subfield><subfield code="v">Newspapers.</subfield></datafield><datafield ind1=" " ind2="4" tag="651"><subfield code="a">Suffolk County (N.Y.)</subfield><subfield code="v">Newspapers.</subfield></datafield><datafield ind1=" " ind2=" " tag="752"><subfield code="a">United States</subfield><subfield code="b">New York</subfield><subfield code="c">Suffolk</subfield><subfield code="d">Bay Shore.</subfield></datafield><datafield ind1="0" ind2="4" tag="780"><subfield code="t">Bay Shore sentinel (Bay Shore, N.Y.)</subfield><subfield code="w">(DLC)sn 95071180</subfield><subfield code="w">(OCoLC)32209474</subfield></datafield><datafield ind1="0" ind2="4" tag="780"><subfield code="t">Bay Shore journal</subfield><subfield code="w">(DLC)sn 95071178</subfield><subfield code="w">(OCoLC)32209325</subfield></datafield><datafield ind1="1" ind2=" " tag="029"><subfield code="a">AU@</subfield><subfield code="b">000011783131</subfield></datafield></record>